<record><leader>00000cas a22000007a 4500</leader><controlfield tag="001">8792212</controlfield><controlfield tag="008">820921d1821183ugauwr ne      0    0eng  </controlfield><datafield ind1=" " ind2=" " tag="010"><subfield code="a">sn 82014779 </subfield></datafield><datafield ind1=" " ind2=" " tag="040"><subfield code="a">DLC</subfield><subfield code="b">eng</subfield><subfield code="c">DLC</subfield><subfield code="d">NPU</subfield><subfield code="d">NPX</subfield><subfield code="d">DLC</subfield><subfield code="d">NLG</subfield><subfield code="d">YOX</subfield><subfield code="d">CNK</subfield><subfield code="d">OCL</subfield><subfield code="d">GUA</subfield><subfield code="d">KRTAS</subfield><subfield code="d">OCLCO</subfield><subfield code="d">OCLCQ</subfield><subfield code="d">OCLCF</subfield></datafield><datafield ind1="1" ind2=" " tag="029"><subfield code="a">AU@</subfield><subfield code="b">000025822297</subfield></datafield><datafield ind1=" " ind2=" " tag="042"><subfield code="a">msc</subfield></datafield><datafield ind1=" " ind2=" " tag="043"><subfield code="a">n-us-ga</subfield></datafield><datafield ind1="0" ind2="0" tag="050"><subfield code="a">Newspaper 7488-X</subfield></datafield><datafield ind1="0" ind2=" " tag="130"><subfield code="a">Washington news (Washington, Ga.)</subfield></datafield><datafield ind1="1" ind2="4" tag="245"><subfield code="a">The Washington news.</subfield></datafield><datafield ind1=" " ind2=" " tag="260"><subfield code="a">Washington, Ga. :</subfield><subfield code="b">P.C. Guieu</subfield></datafield><datafield ind1=" " ind2=" " tag="300"><subfield code="a">v. ;</subfield><subfield code="c">52-68 cm.</subfield></datafield><datafield ind1=" " ind2=" " tag="310"><subfield code="a">Weekly</subfield></datafield><datafield ind1=" " ind2=" " tag="500"><subfield code="a">Publisher: T.A. Pasteur, &lt;1830&gt;.</subfield></datafield><datafield ind1=" " ind2=" " tag="530"><subfield code="a">Also on microfilm: Athens, Ga. : University of Georgia Libraries.</subfield></datafield><datafield ind1=" " ind2=" " tag="588"><subfield code="a">Description based on: Vol. 7, no. 24 (June 15, 1821).</subfield></datafield><datafield ind1=" " ind2="0" tag="651"><subfield code="a">Washington (Ga.)</subfield><subfield code="v">Newspapers.</subfield></datafield><datafield ind1=" " ind2="0" tag="651"><subfield code="a">Wilkes County (Ga.)</subfield><subfield code="v">Newspapers.</subfield></datafield><datafield ind1=" " ind2="7" tag="655"><subfield code="a">Newspapers.</subfield><subfield code="2">fast</subfield><subfield code="0">(OCoLC)fst01423814</subfield></datafield><datafield ind1=" " ind2="7" tag="651"><subfield code="a">Georgia</subfield><subfield code="z">Washington.</subfield><subfield code="2">fast</subfield><subfield code="0">(OCoLC)fst01216229</subfield></datafield><datafield ind1=" " ind2="7" tag="651"><subfield code="a">Georgia</subfield><subfield code="z">Wilkes County.</subfield><subfield code="2">fast</subfield><subfield code="0">(OCoLC)fst01206962</subfield></datafield><datafield ind1=" " ind2=" " tag="752"><subfield code="a">United States</subfield><subfield code="b">Georgia</subfield><subfield code="c">Wilkes</subfield><subfield code="d">Washington.</subfield></datafield><datafield ind1="0" ind2="0" tag="780"><subfield code="t">News (Washington, Ga. : 1816)</subfield><subfield code="w">(DLC)sn 86053159</subfield><subfield code="w">(OCoLC)13213512</subfield></datafield><datafield ind1="0" ind2="0" tag="785"><subfield code="t">Washington news and miscellaneous advertiser</subfield><subfield code="w">(DLC)sn 90052259</subfield><subfield code="w">(OCoLC)21888459</subfield></datafield><datafield ind1=" " ind2=" " tag="938"><subfield code="a">Kirtas Technologies, Inc.</subfield><subfield code="b">KRTS</subfield><subfield code="n">735996</subfield></datafield></record>